@book{stein2009introduction,
  title={An introduction to seismology, earthquakes, and earth structure},
  author={Stein, Seth and Wysession, Michael},
  year={2009},
  publisher={John Wiley \& Sons}
}
@misc{young2013transforming,
  title={Transforming Earthquake Detection and Science Through Citizen Seismology},
  author={Young, Jason C. and Wald, David J. and Earle, Paul S. and Shanley, Lea A},
  year={2013},
  publisher={Woodrow Wilson Internaional Center for Scholars},
}
@article{kennett1991traveltimes,
  title={Traveltimes for global earthquake location and phase identification},
  author={Kennett, BLN and Engdahl, ER},
  journal={Geophysical Journal International},
  volume={105},
  number={2},
  pages={429--465},
  year={1991},
  publisher={Oxford University Press},
}
@article{sambridge2001seismic,
  title={Seismic event location: nonlinear inversion using a neighbourhood algorithm},
  author={Sambridge, MS and Kennett, BLN},
  journal={Pure \& Applied Geophysics},
  volume={158},
  number={1-2},
  pages={241},
  year={2001},
  publisher={Springer},
}
@article{atkinson2007did,
  title={``Did You Feel It?'' intensity data: A surprisingly good measure of earthquake ground motion},
  author={Atkinson, Gail M and Wald, David J},
  journal={Seismological Research Letters},
  volume={78},
  number={3},
  pages={362--368},
  year={2007},
  publisher={GeoScienceWorld},
}
@inproceedings{Mendoza:2010:TUC:1964858.1964869,
 author = {Mendoza, Marcelo and Poblete, Barbara and Castillo, Carlos},
 title = {Twitter Under Crisis: Can We Trust What We RT?},
 booktitle = {Proceedings of the First Workshop on Social Media Analytics},
 series = {SOMA '10},
 year = {2010},
 isbn = {978-1-4503-0217-3},
 location = {Washington D.C., District of Columbia},
 pages = {71--79},
 numpages = {9},
 url = {http://doi.acm.org/10.1145/1964858.1964869},
 doi = {10.1145/1964858.1964869},
 acmid = {1964869},
 publisher = {ACM},
 address = {New York, NY, USA},
 keywords = {Twitter, rumor identification, social media analytics}
} 
@inproceedings{avvenuti2014earthquake,
  title={Earthquake emergency management by social sensing},
  author={Avvenuti, Marco and Cresci, Stefano and La Polla, Mariantonietta N and Marchetti, Andrea and Tesconi, Maurizio},
  booktitle={Pervasive Computing and Communications Workshops (PERCOM Workshops), 2014 IEEE International Conference on},
  pages={587--592},
  year={2014},
  organization={IEEE},
}
@inproceedings{avvenuti2014ears,
  title={Ears (earthquake alert and report system): a real time decision support system for earthquake crisis management},
  author={Avvenuti, Marco and Cresci, Stefano and Marchetti, Andrea and Meletti, Carlo and Tesconi, Maurizio},
  booktitle={Proceedings of the 20th ACM SIGKDD international conference on Knowledge discovery and data mining},
  pages={1749--1758},
  year={2014},
  organization={ACM},
}
@inproceedings{burks2014rapid,
  title={Rapid estimate of ground shaking intensity by combining simple earthquake characteristics with tweets},
  author={Burks, L and Miller, M and Zadeh, R},
  booktitle={10th US Nat. Conf. Earthquake Eng., Front. Earthquake Eng., Anchorage, AK, USA, Jul. 21Y25},
  year={2014},
}
@inproceedings{cameron2012emergency,
  title={Emergency situation awareness from twitter for crisis management},
  author={Cameron, Mark A and Power, Robert and Robinson, Bella and Yin, Jie},
  booktitle={Proceedings of the 21st international conference companion on World Wide Web},
  pages={695--698},
  year={2012},
  organization={ACM},
}
@article{crooks2013earthquake,
  title={\# Earthquake: Twitter as a distributed sensor system},
  author={Crooks, Andrew and Croitoru, Arie and Stefanidis, Anthony and Radzikowski, Jacek},
  journal={Transactions in GIS},
  volume={17},
  number={1},
  pages={124--147},
  year={2013},
  publisher={Wiley Online Library},
}
@article{earle2010omg,
  title={OMG earthquake! Can Twitter improve earthquake response?},
  author={Earle, Paul and Guy, Michelle and Buckmaster, Richard and Ostrum, Chris and Horvath, Scott and Vaughan, Amy},
  journal={Seismological Research Letters},
  volume={81},
  number={2},
  pages={246--251},
  year={2010},
  publisher={Seismological Society of America},
}
@article{earle2012twitter,
  title={Twitter earthquake detection: earthquake monitoring in a social world},
  author={Earle, Paul S and Bowden, Daniel C and Guy, Michelle},
  journal={Annals of Geophysics},
  volume={54},
  number={6},
  year={2012}
}

@article{EstradaAndLawhead,
  title={Gaming the Attention Economy},
  author={Estrada, Daniel and Lawhead, Jonathan},
  journal={Springer's Handbook of Human Computation},
  year={2013}
}

@inproceedings{guzman2013line,
  title={On-line relevant anomaly detection in the Twitter stream: an efficient bursty keyword detection model},
  author={Guzman, Jheser and Poblete, Barbara},
  booktitle={Proceedings of the ACM SIGKDD Workshop on Outlier Detection and Description},
  pages={31--39},
  year={2013},
  organization={ACM}
}

@article{mocanu2013twitter,
  title={The twitter of babel: Mapping world languages through microblogging platforms},
  author={Mocanu, Delia and Baronchelli, Andrea and Perra, Nicola and Gon{\c{c}}alves, Bruno and Zhang, Qian and Vespignani, Alessandro},
  journal={PloS one},
  volume={8},
  number={4},
  pages={e61981},
  year={2013},
  publisher={Public Library of Science}
}

@incollection{okazaki2010semantic,
  title={Semantic twitter: analyzing tweets for real-time event notification},
  author={Okazaki, Makoto and Matsuo, Yutaka},
  booktitle={Recent Trends and Developments in Social Software},
  pages={63--74},
  year={2010},
  publisher={Springer}
}

@inproceedings{robinson2013sensitive,
  title={A sensitive twitter earthquake detector},
  author={Robinson, Bella and Power, Robert and Cameron, Mark},
  booktitle={Proceedings of the 22nd international conference on World Wide Web companion},
  pages={999--1002},
  year={2013},
  organization={International World Wide Web Conferences Steering Committee}
}

@inproceedings{sakaki2010earthquake,
  title={Earthquake shakes Twitter users: real-time event detection by social sensors},
  author={Sakaki, Takeshi and Okazaki, Makoto and Matsuo, Yutaka},
  booktitle={Proceedings of the 19th international conference on World wide web},
  pages={851--860},
  year={2010},
  organization={ACM}
}

@article{sakaki2013tweet,
  title={Tweet analysis for real-time event detection and earthquake reporting system development},
  author={Sakaki, Takeshi and Okazaki, Masahide and Matsuo, Yoshikazu},
  journal={Knowledge and Data Engineering, IEEE Transactions on},
  volume={25},
  number={4},
  pages={919--931},
  year={2013},
  publisher={IEEE}
}

@article{yin2012using,
  title={Using social media to enhance emergency situation awareness},
  author={Yin, Jie and Lampert, Andrew and Cameron, Mark and Robinson, Bella and Power, Robert},
  journal={IEEE Intelligent Systems},
  number={6},
  pages={52--59},
  year={2012},
  publisher={IEEE},
}
@inproceedings{kwak2010twitter,
  title={What is {T}witter? a social network or a news media?},
  author={Kwak, H. and Lee, C. and Park, H. and Moon, S.},
  booktitle={Proceedings of the 19th international conference on {W}orld {W}ide {W}eb},
  pages={591--600},
  year={2010},
  organization={ACM},
}
@book{kellert1993wake,
  title={In the wake of chaos: {U}npredictable order in dynamical systems},
  author={Kellert, S.H.},
  year={1993},
  publisher={University of Chicago press},
}
@inproceedings{srikant1997mining,
  title={Mining Association Rules with Item Constraints.},
  author={Srikant, Ramakrishnan and Vu, Quoc and Agrawal, Rakesh},
  booktitle={KDD},
  volume={97},
  pages={67},
  year={1997},
}
@inproceedings{pena2015galean,
  title={Galean: Visualization of Geolocated News Events from Social Media},
  author={Pe{\~n}a-Araya, Vanessa and Quezada, Mauricio and Poblete, Barbara},
  booktitle={Proceedings of the 38th International ACM SIGIR Conference on Research and Development in Information Retrieval},
  pages={1041--1042},
  year={2015},
  organization={ACM}
}

@article{morstatter2013sample,
  title={Is the sample good enough? comparing data from twitter's streaming api with twitter's firehose},
  author={Morstatter, Fred and Pfeffer, J{\"u}rgen and Liu, Huan and Carley, Kathleen M},
  journal={arXiv preprint arXiv:1306.5204},
  year={2013}
}

@inproceedings{bravo2013combining,
  title={Combining strengths, emotions and polarities for boosting Twitter sentiment analysis},
  author={Bravo-Marquez, Felipe and Mendoza, Marcelo and Poblete, Barbara},
  booktitle={Proceedings of the Second International Workshop on Issues of Sentiment Discovery and Opinion Mining},
  pages={2},
  year={2013},
  organization={ACM}
}

@article{kleinberg2003bursty,
  title={Bursty and hierarchical structure in streams},
  author={Kleinberg, J.},
  journal={Data Mining and Knowledge Discovery},
  volume={7},
  number={4},
  pages={373--397},
  year={2003},
  publisher={Springer}
}

@inproceedings{sankaranarayanan2009twitterstand,
  title={Twitterstand: news in tweets},
  author={Sankaranarayanan, Jagan and Samet, Hanan and Teitler, Benjamin E and Lieberman, Michael D and Sperling, Jon},
  booktitle={Proceedings of the 17th acm sigspatial international conference on advances in geographic information systems},
  pages={42--51},
  year={2009},
  organization={ACM}
}

@inproceedings{mathioudakis2010twittermonitor,
  title={TwitterMonitor: {T}rend detection over the {T}witter stream},
  author={Mathioudakis, M. and Koudas, N.},
  booktitle={Proceedings of the 2010 international conference on Management of data},
  pages={1155--1158},
  year={2010},
  organization={ACM}
}

@article{nguyen2013event,
  title={Event extraction using behaviors of sentiment signals and burst structure in social media},
  author={Nguyen, Thin and Phung, Dinh and Adams, Brett and Venkatesh, Svetha},
  journal={Knowledge and information systems},
  volume={37},
  number={2},
  pages={279--304},
  year={2013},
  publisher={Springer}
}

@article{weng2011event,
  title={Event Detection in Twitter.},
  author={Weng, Jianshu and Lee, Bu-Sung},
  journal={ICWSM},
  volume={11},
  pages={401--408},
  year={2011}
}

@article{johnson1970lognormal,
  title={Lognormal distributions},
  author={Johnson, Norman L and Kotz, Samuel and Balakrishnan, N},
  journal={Continuous univariate distributions},
  volume={1},
  year={1970}
}

@article{kolmogorov1933foundations,
  title={Foundations of probability},
  author={Kolmogorov, Andrey Nikolaevich},
  year={1933}
}

@book{castillo2016bcd,
  author={Carlos Castillo},
  title={Big Crisis Data: Social Media in Disasters and Time-Critical Situations},
  publisher={Cambridge University Press},
  year=2016
}

@article{sheth2009citizen,
  title={Citizen sensing, social signals, and enriching human experience},
  author={Sheth, Amit},
  journal={IEEE Internet Computing},
  volume={13},
  number={4},
  pages={87},
  year={2009},
  publisher={IEEE Computer Society}
}

@article{palen2016crisis,
  title={Crisis informatics—New data for extraordinary times},
  author={Palen, Leysia and Anderson, Kenneth M},
  journal={Science},
  volume={353},
  number={6296},
  pages={224--225},
  year={2016},
  publisher={American Association for the Advancement of Science}
}

@inproceedings{petrovic2010streaming,
  title={Streaming first story detection with application to twitter},
  author={Petrovi{\'c}, Sa{\v{s}}a and Osborne, Miles and Lavrenko, Victor},
  booktitle={Human Language Technologies: The 2010 Annual Conference of the North American Chapter of the Association for Computational Linguistics},
  pages={181--189},
  year={2010},
  organization={Association for Computational Linguistics}
}

@article{finch2009incremental,
  title={Incremental calculation of weighted mean and variance},
  author={Finch, Tony},
  journal={University of Cambridge},
  volume={4},
  pages={11--5},
  year={2009}
}

@book{knuth1998art,
  title={The art of computer programming: sorting and searching},
  author={Knuth, Donald Ervin},
  volume={3},
  year={1998},
  publisher={Pearson Education}
}

@inproceedings{zhou2015unsupervised,
  title={An Unsupervised Framework of Exploring Events on Twitter: Filtering, Extraction and Categorization.},
  author={Zhou, Deyu and Chen, Liangyu and He, Yulan},
  booktitle={AAAI},
  pages={2468--2475},
  year={2015}
}

@article{zhao2014unsupervised,
  title={Unsupervised spatial event detection in targeted domains with applications to civil unrest modeling},
  author={Zhao, Liang and Chen, Feng and Dai, Jing and Hua, Ting and Lu, Chang-Tien and Ramakrishnan, Naren},
  journal={PloS one},
  volume={9},
  number={10},
  pages={e110206},
  year={2014},
  publisher={Public Library of Science}
}

@misc{usgs,
author = "USGS",
title = "USGS Earthquake Hazards Program",
year = "2017",
note = "[Online; accessed 3-May-2017]",
howpublished= "\url{https://earthquake.usgs.gov/}",
publisher="United States Geological Survey"
}

@misc{usgs:data,
author = "USGS",
title = "Data and Products",
year = "2017",
note = "[Online; accessed 3-May-2017]",
howpublished= "\url{https://earthquake.usgs.gov/data/}",
publisher="United States Geological Survey"
}

@misc{usgs:mercalli,
author = "USGS",
title = "The Modified Mercalli Intensity Scale",
year = "2017",
note = "[Online; accessed 3-May-2017]",
howpublished= "\url{https://earthquake.usgs.gov/learn/topics/mercalli.php}",
publisher="United States Geological Survey"
}

@misc{usgs:magnitude,
author = "USGS",
title = "Earthquake Glossary",
year = "2017",
note = "[Online; accessed 3-May-2017]",
howpublished= " \url{https://earthquake.usgs.gov/learn/glossary/?term=magnitude}",
publisher="United States Geological Survey"
}

@misc{guc:data,
author = "GUC",
title = "National Seismology Center",
year = "2017",
note = "[Online; accessed 3-May-2017]",
howpublished = "\url{http://www.sismologia.cl/}",
publisher = "Geophysics, University of Chile"
}

@misc{shoa,
author = "SHOA",
title = "Home Page",
year = "2017",
note = "[Online; accessed 3-May-2017]",
howpublished= "\url{http://www.shoa.cl/en/}",
publisher = "Chilean Navy Hidrographic and Oceanographic Service"
}

@misc{onemi,
author = "ONEMI",
title = "Basic Integral Security Guide for Visitors and Foreign Residents in Chile", 
year = "2017",
note = "[Online; accessed 3-May-2017]",
howpublished= "\url{http://www.santiago.diplo.de/contentblob/422340/Daten/14470/PDF_Handbuch_ONEMI_englisch.pdf}",
publisher  = "Government of Chile National Emergency Bureau Ministry of the Interior"
}

@misc{jmaintensity,
author = "JMA",
title = "Tables explaining the JMA Seismic Intensity Scale",
year = "2017",
note = "[Online; accessed 3-May-2017]",
howpublished = "\url{http://www.jma.go.jp/jma/en/Activities/inttable.html}",
publisher = "Japan Meteorological Agency"
}

@misc{abouttwitter,
author = "Twitter",
title = "Twitter Company | About",
month = jun,
year = "2016",
note = "[Online; accessed 3-May-2017]",
howpublished= "\url{https://about.twitter.com/}",
publisher = "Twitter"
}

@misc{esa:online,
author = "ESA",
title = "CSIRO Australia -- Home Page",
year = "2012",
note = "[Online; accessed 3-May-2017]",
howpublished= "\url{https://esa.csiro.au/ausnz/index.html}",
publisher = {CSIRO Australia}
}

@article{wyss2009delay,
  title={Delay times of worldwide global earthquake alerts},
  author={Wyss, Max and Zibzibadze, Marine},
  journal={Natural hazards},
  volume={50},
  number={2},
  pages={379--387},
  year={2009},
  publisher={Springer}
}

@article{okolloh2009ushahidi,
  title={Ushahidi, or ‘testimony’: Web 2.0 tools for crowdsourcing crisis information},
  author={Okolloh, Ory},
  journal={Participatory learning and action},
  volume={59},
  number={1},
  pages={65--70},
  year={2009},
  publisher={IIED-Participatory Learning and Action}
}

@article{samaraweera2007sahana,
  title={Sahana victim registries: Effectively track disaster victims},
  author={Samaraweera, Isuru and Corera, Sheran},
  journal={Proceeding of ISCRAM},
  year={2007}
}

@misc{PersonFinder,
	title= {Person Finder}, 
	author= {Google},
	howpublished= "\url{https://google.org/personfinder}",
	publisher= {Google}
}

@inproceedings{verma2011natural,
  title={Natural Language Processing to the Rescue? Extracting" Situational Awareness" Tweets During Mass Emergency.},
  author={Verma, Sudha and Vieweg, Sarah and Corvey, William J and Palen, Leysia and Martin, James H and Palmer, Martha and Schram, Aaron and Anderson, Kenneth Mark},
  booktitle={ICWSM},
  year={2011}
}

@inproceedings{olteanu2014crisislex,
  title={CrisisLex: A Lexicon for Collecting and Filtering Microblogged Communications in Crises.},
  author={Olteanu, Alexandra and Castillo, Carlos and Diaz, Fernando and Vieweg, Sarah},
  booktitle={ICWSM},
  year={2014}
}

@inproceedings{imran2014aidr,
  title={AIDR: Artificial intelligence for disaster response},
  author={Imran, Muhammad and Castillo, Carlos and Lucas, Ji and Meier, Patrick and Vieweg, Sarah},
  booktitle={Proceedings of the 23rd International Conference on World Wide Web},
  pages={159--162},
  year={2014},
  organization={ACM}
}

@inproceedings{kumar2011tweettracker,
  title={TweetTracker: An Analysis Tool for Humanitarian and Disaster Relief.},
  author={Kumar, Shamanth and Barbier, Geoffrey and Abbasi, Mohammad Ali and Liu, Huan},
  booktitle={ICWSM},
  year={2011}
}

@inproceedings{purohit2013twitris,
  title={Twitris v3: From Citizen Sensing to Analysis, Coordination and Action.},
  author={Purohit, Hemant and Sheth, Amit P},
  booktitle={ICWSM},
  year={2013}
}

@inproceedings{ashktorab2014tweedr,
  title={Tweedr: Mining twitter to inform disaster response.},
  author={Ashktorab, Zahra and Brown, Christopher and Nandi, Manojit and Culotta, Aron},
  booktitle={ISCRAM},
  year={2014}
}

@inproceedings{marcus2011twitinfo,
  title={Twitinfo: aggregating and visualizing microblogs for event exploration},
  author={Marcus, Adam and Bernstein, Michael S and Badar, Osama and Karger, David R and Madden, Samuel and Miller, Robert C},
  booktitle={Proceedings of the SIGCHI conference on Human factors in computing systems},
  pages={227--236},
  year={2011},
  organization={ACM}
}

@misc{Strohmaier2010Twicalli,
author = "Markus Strohmaier",
title = "Measuring Earthquakes on Twitter: The Twicalli Scale",
month = jan,
year = "2010",
note = "[Online; accessed 25-July-2017]",
howpublished="\url{https://mstrohm.wordpress.com/2010/01/15/measuring-earthquakes-on-twitter-the/-twicalli-scale/}",
publisher={Weblog}
}

@misc{csnglosary,
author = "Servicio Sismológico, Universidad de Chile",
title = "Glosario, términos habituales",
howpublished="\url{http://www.sismologia.cl/links/aprende.html}",
note = "[Online; accessed 15-Dec-2017]"
}

@misc{twitterglosary,
author = "Twitter",
title = "Glosario",
howpublished="\url{https://help.twitter.com/es/glossary}",
note = "[Online; accessed 15-Dec-2017]"
}

@misc{microbloggingwiki,
author = "Wikipedia",
title = "Microblogging",
howpublished = "\url{https://es.wikipedia.org/wiki/Microblogging}",
note = "[Online; accessed 15-Dec-2017]"
}

@misc{crowddefinicion,
author = "Instituto internacional español de marketing digital",
title = "Crowdsourcing: que es crowdsourcing y como funciona",
howpublished="\url{https://iiemd.com/crowdsourcing/que-es-crowdsourcing}",
note= "[Online; accessed 15-Dec-2017]"
}

@book{encyclopediaml,
  doi = {10.1007/978-0-387-30164-8},
  url = {https://doi.org/10.1007/978-0-387-30164-8},
  year  = {2010},
  publisher = {Springer {US}},
  editor = {Claude Sammut and Geoffrey I. Webb},
  title = {Encyclopedia of Machine Learning}
}

@inproceedings{maldonado2015spatio,
  title={Spatio and temporal characterization of Chilean news events in social media},
  author={Maldonado, Jazmine and Pe{\~n}a-Araya, Vanessa and Poblete, Barbara}
}
